%@string{iros = "{IEEE/RSJ} Int. Conf. Intelligent Robots and Systems (IROS)"}
%@string{icra = "{IEEE} Int. Conf. Robotics and Automation (ICRA)"}
%@string{rss = "Robotics: Science and Systems (RSS)"}
%@string{wafr = "Workshop on Algorithmic Foundations of Robotics (WAFR)"}
%@string{nips = "Advances in Neural Information Processing Systems"}
%@string{icaps = "International Conference on Automated Planning and Scheduling (ICAPS)"}
%@string{siggraph = "{ACM} {SIGGRAPH}/Eurographics symposium on computer animation"}
%@string{iser = "International Symposium on Experimental Robotics (ISER)"}

%@string{iros = "IROS"}
%@string{icra = "ICRA"}
%@string{rss = "RSS"}
%@string{wafr = "WAFR"}
%@string{nips = "NIPS"}
%@string{icaps = "ICAPS"}
%@string{siggraph = "SIGGRAPH"}
%@string{iser = "ISER"}
%
%@string{cmu = "Carnegie Mellon University"}
%
%@string{ijrr = "I. J. Robotics Res."}
%@string{tra = "{IEEE} Trans. Robotics and Automation"}


@book{L06,
  author       = {S. M. LaValle},
  title        = {Planning Algorithms},
  publisher    = {Cambridge University Press},
  year         = {2006}
}

@book {CBHKKLT05,
	title = {Principles of Robot Motion: Theory, Algorithms, and Implementation},
	year = {2005},
	month = {June},
	publisher = {MIT Press},
	type = {book},
	author = {	Howie Choset and
				Kevin M. Lynch and
				Seth Hutchinson and
				George Kantor and
				Wolfram Burgard and
				Lydia E. Kavraki and
				Sebastian Thrun}
}

@inproceedings{GSB15,
  author    = {Jonathan D. Gammell and
               Siddhartha S. Srinivasa and
               Timothy D. Barfoot},
  title     = {Batch Informed Trees ({BIT}*): Sampling-based optimal planning via the
               heuristically guided search of implicit random geometric graphs},
  booktitle = icra,
  pages     = {3067--3074},
  year      = {2015}
}

@inproceedings{KTC16,
  author    = {Tobias Kunz and
               Andrea Thomaz and
               Henrik Christensen},
  title     = {Hierarchical rejection sampling for informed kinodynamic planning in high-dimensional spaces},
  booktitle = icra,
  pages     = {89--96},
  year      = {2016}
}

@inproceedings{GSB14,
  author    = {Jonathan D. Gammell and
               Siddhartha S. Srinivasa and
               Timothy D. Barfoot},
  title     = {Informed {RRT}*: Optimal sampling-based path planning focused via direct sampling of an admissible ellipsoidal heuristic},
  booktitle = iros,
  pages     = {2997--3004},
  year      = {2014}
}

@inproceedings{YTEA12,
  author    = {Hsin{-}Yi Yeh and
               Shawna L. Thomas and
               David Eppstein and
               Nancy M. Amato},
  title     = {{UOBPRM:} {A} uniformly distributed obstacle-based {PRM}},
  booktitle = iros,
  pages     = {2655--2662},
  year      = {2012}
}

@inproceedings{YDLTA14,
  author    = {Hsin{-}Yi Cindy Yeh and
               Jory Denny and
               Aaron Lindsey and
               Shawna L. Thomas and
               Nancy M. Amato},
  title     = {{UMAPRM:} Uniformly sampling the medial axis},
  booktitle = icra,
  pages     = {5798--5803},
  year      = {2014}
}


@inproceedings{LTA03,
  author    = {Jyh{-}Ming Lien and
               Shawna L. Thomas and
               Nancy M. Amato},
  title     = {A general framework for sampling on the medial axis of the free space},
  booktitle = icra,
  pages     = {4439--4444},
  year      = {2003}
}

@inproceedings{US03,
  title={Approaches for heuristically biasing {RRT} growth},
  author={	Urmson, Chris and 
  			Simmons, Reid},
  booktitle=icra,
  pages={1178--1183},
  year={2003}
}

@inproceedings{SWT09,
  author    = {Alexander C. Shkolnik and
               Matthew R. Walter and
               Russ Tedrake},
  title     = {Reachability-guided sampling for planning under differential constraints},
  booktitle = icra,
  pages     = {2859--2865},
  year      = {2009}
}

@inproceedings{ABDJV98,
  title={OBPRM: an obstacle-based PRM for 3D workspaces},
  author={	Amato, Nancy M and 
  			Bayazit, O Burchan and 
  			Dale, Lucia K and 
  			Jones, Christopher and 
  			Vallejo, Daniel},
  booktitle=wafr,
  pages={155--168},
  year={1998}
}
